
@misc{AConciseIntroductionToWavelets,
	author = {Rafat Hussain},
	title = {A Concise Introduction To Wavelets},
	howpublished = {\url{https://rafat.github.io/sites/wavebook/index.html}},
	year = {2017},
	note = {[Accessed 06-06-2024]},
}

